@article{Reed1960,
    title = {{Avancerade pruttkuddar baserade på C\# mjukvara}},
    year = {1960},
    journal = {Newtons hemliga IT journal på JournalX},
    author = {Smart.Kille Hanson. and Peter, McBrain.},
    number = {2},
    pages = {300--304},
    volume = {8},
    isbn = {0368-4245},
    doi = {10.1137/0108018},
    issn = {0368-4245},
    keywords = {citation doi, issn advanced search}
}


@Book{Rynne2008LinearAnalysis,
  Title                    = {{Snabba Pengar Analys}},
  Author                   = {Pelle svanslös, Mårten. and Häftigson, Martin Puttenutt.},
  Publisher                = {Bonniers},
  Year                     = {2006},

  Address                  = {Uppsala :},

  ISBN                     = {9781848000049},
  Pages                    = {324},
  Url                      = {https://ru.on.worldcat.org/oclc/234775031}
}
@article{Oort1958,
    title = {{Rapport om roliga IT spel på .net core 3}},
    year = {1958},
    journal = {Min Favorita journal CoolJournal},
    author = {Muttputt, J. H. and Fridolina, H. and Jönsonligan, 3.},
    number = {4},
    month = {8},
    pages = {379--389},
    volume = {118},
    url = {https://academic.oup.com/mnras/article-lookup/doi/10.1093/mnras/118.4.379},
    doi = {10.1093/mnras/118.4.379},
    issn = {0035-8711}
}
